@BOOK{Hartley2004,
  title = {Multiple {V}iew {G}eometry in {C}omputer {V}ision},
  publisher = {Cambridge University Press},
  year = {2004},
  author = {Richard Hartley and Andrew Zisserman},
  edition = {2},
  comment = {textbook on single, multiple view geometry},
  timestamp = {2006.05.29}
}
@book{liu2002continuum,
  title={Continuum Mechanics},
  author={Liu, I.S.},
  isbn={9783540430193},
  lccn={64006830},
  series={Advanced Texts in Physics},
  year={2002},
  publisher={Springer Berlin Heidelberg}
}

@book{park2017fundamentals,
  title={Fundamentals of Probability and Stochastic Processes with Applications to Communications},
  author={Park, K.I.},
  isbn={9783319680743},
  lccn={2017953254},
  year={2017},
  publisher={Springer International Publishing}
}

@inproceedings{rohmer2010animation,
  title={Animation wrinkling: augmenting coarse cloth simulations with realistic-looking wrinkles},
  author={Rohmer, Damien and Popa, Tiberiu and Cani, Marie-Paule and Hahmann, Stefanie and Sheffer, Alla},
  booktitle={ACM Transactions on Graphics (TOG)},
  volume={29},
  number={6},
  pages={157},
  year={2010},
  organization={ACM}
}

@book{strang1993introduction,
  title={Introduction to linear algebra},
  author={Strang, Gilbert and Strang, Gilbert and Strang, Gilbert and Strang, Gilbert},
  volume={3},
  year={1993},
  publisher={Wellesley-Cambridge Press Wellesley, MA}
}

@book{wriggers2013nichtlineare,
  title={Nichtlineare finite-element-methoden},
  author={Wriggers, Peter},
  year={2013},
  publisher={Springer-Verlag}
}

@article{altenbach2012kontinuumsmechanik,
  title={Kontinuumsmechanik},
  author={Altenbach, Holm},
  journal={Kapitel},
  volume={8},
  pages={253--279},
  year={2012},
  publisher={Springer}
}

@book{haupt2013continuum,
  title={Continuum mechanics and theory of materials},
  author={Haupt, Peter},
  year={2013},
  publisher={Springer Science \& Business Media}
}

@article{schonemann1966generalized,
  title={A generalized solution of the orthogonal procrustes problem},
  author={Sch{\"o}nemann, Peter H},
  journal={Psychometrika},
  volume={31},
  number={1},
  pages={1--10},
  year={1966},
  publisher={Springer}
}

@article{zhang2000flexible,
  title={A flexible new technique for camera calibration},
  author={Zhang, Zhengyou},
  journal={IEEE Transactions on pattern analysis and machine intelligence},
  volume={22},
  year={2000}
}

@article{bentley1975multidimensional,
  title={Multidimensional binary search trees used for associative searching},
  author={Bentley, Jon Louis},
  journal={Communications of the ACM},
  volume={18},
  number={9},
  pages={509--517},
  year={1975},
  publisher={ACM}
}

@book{wilmott1995mathematics,
  title={The mathematics of financial derivatives: a student introduction},
  author={Wilmott, Paul and Howson, Susan and Howison, Sam and Dewynne, Jeff and others},
  year={1995},
  publisher={Cambridge university press}
}